111111111111111111111111111111111111111111111111111111111111
110011111111111111111111111111111111111111111111111111111221
110201011111111111111111111111111111111111111111111111111221
111000221111100001111111111111111111111111111111111111111111
111100001110022001111111111111111111111111111111111111111111
110001111110022011111117711111111111111111111111111111111111
111000111111000011111100001111111111111111111111111111111111
111110001111220011111000000111111111111111111111111111111111
110000000002222111110000000111111111111111111111111111111111
122000000000222110000002200111111111111111111111111111111111
112000000000002000000002200011111111111111111111111111111111
110000000000000000000000000001111111111111111111111111111111
110000000000000000000000000000001111111111111111111111111111
000000000000000000000000000000001111111111111111111111111111
000000000000000000000000000000000111111111111111111111111111
000000000000000000000000000000000011111111111111111111111111
000000000000000111111111000000000001111111111111111111111111
000000000000001111111111100000000000111111111111111111111111
000000000001111111111111111000000000111111111111111111111111
000000000111111111500011111000000001111111111111111111111111
000011111111111100000001111100000011151111111111111111111111
001111111111100000001001111150000111001111111111111111111111
111111111111000020000000111111100111001011111111111111111111
111111000000000000000000001111000000000011111111111111111111
000000010000000000000000010110000000000011111111111111111111
000000000000000100000000000000000000000001111111111111111111
333330000000000000000000000000000000000001011111111111111111
333230000000000000000000000000000000000000011111111111111111
233330000000000000000000000000000000000000011111111111111111
331110000100000000000000000100000000010000011111112111111111
110000000000000000000000000000000000000000001111110011111111
000020000000000000000000000000000000000000001111111000011111
000000000000000000000000000000000000000000000111111011111111
000000000000000000010000000000000000000000000111111011111111
000000000001000000000010000000000000000000001111111013333111
000000000000000110000000000000000000000000001111111013223211
010000100000111111111111000010000000000000001111111003223311
000000000001111111111111100000000000000000001111111103333111
000000111111111111111111111100001000000000000111111101211011
000001111111111111111111111110000000000000000011111100010011
111111111111102200111111111111110000000000000011111101000011
111111111111002200111111111111111110000000000111111122001111
111111111110000000011111111111111111000000000111111122011111
111111110000000000000011111111111111100000000111111100011111
111111100000000000000000000111111111100000000111111001001111
100000000111111111111000000011221111100000001111111011100111
100000001111111111111100000000221111110000051111111001100011
100001111111111111111110000000001111111001111111111010000111
101111111111111111111111000000001111111001111111110000011011
101111111111111111111111100000000000000001111111110100001011
101111112211111111111111100000000000000011111111115110001011
101111112211111111111111100000000000000011111111111100000011
101111112211111111111111110000000000000011111111101100001011
101111111111111221111111110000000000000111100111100000011111
101111111111111221111111110000000000000111101111010000011111
101111111100011221001111110000000000000111101110000000111111
101111100000000000001111110000000000000111111110000022001111
101100000001100000011111110000000000000000011000000000011111
100000000011110000111111110000000000000000000000110101111111
111111111111111111111111111000000000000000110000000000000000